@article{Dill2016,
    title = {{Revisiting the Four Types of Cyclists}},
    year = {2016},
    journal = {Transportation Research Record: Journal of the Transportation Research Board},
    author = {Dill, Jennifer and McNeil, Nathan},
    pages = {90--99},
    volume = {2587},
    url = {http://trrjournalonline.trb.org/doi/10.3141/2587-11},
    isbn = {0361-1981},
    doi = {10.3141/2587-11},
    issn = {0361-1981}
}

@misc{Silva2017,
    title = {{Mobilidade (In)Sustent{\'{a}}vel em Lisboa}},
    year = {2017},
    booktitle = {O Jornal Economico},
    author = {Silva, Miguel Moreira da},
    url = {http://www.jornaleconomico.sapo.pt/noticias/mobilidade-insustentavel-em-lisboa-160590},
    address = {Lisboa}
}

@techreport{EuropeanCommission2016,
    title = {{Indicator 3: Sustainable Urban Mobility. Application form for the European Green Capital Award 2016}},
    year = {2016},
    author = {{European Commission}},
    pages = {1--4},
    url = {http://ec.europa.eu/environment/europeangreencapital/wp-content/uploads/2018/07/Indicator_3_Lisbon_EN.pdf},
    institution = {European Green Capital Award},
    isbn = {0002-9149 (Print) 0002-9149},
    pmid = {6153136}
}

@article{Cooper2017,
    title = {{Using spatial network analysis to model pedal cycle flows, risk and mode choice}},
    year = {2017},
    journal = {Journal of Transport Geography},
    author = {Cooper, Crispin H.V.},
    pages = {157--165},
    volume = {58},
    publisher = {The Author},
    url = {http://dx.doi.org/10.1016/j.jtrangeo.2016.12.003},
    doi = {10.1016/j.jtrangeo.2016.12.003},
    issn = {09666923},
    keywords = {Cycling, Gis, Modelling, Spatial network analysis}
}

@article{Boettge2017,
    title = {{Assessing the Bicycle Network in St. Louis: A PlaceBased User-Centered Approach}},
    year = {2017},
    journal = {Sustainability},
    author = {Boettge, Bram and Hall, Damon and Crawford, Thomas and Boettge, Bram and Hall, Damon M. and Crawford, Thomas},
    number = {2},
    month = {2},
    pages = {241},
    volume = {9},
    publisher = {Multidisciplinary Digital Publishing Institute},
    url = {http://www.mdpi.com/2071-1050/9/2/241},
    doi = {10.3390/su9020241},
    issn = {2071-1050},
    keywords = {bicycle, bicycle infrastructure, cycling, place, siting, stakeholder engagement, sustainability science, transportation planning, urban, urban planning}
}

@article{Torres2018,
    title = {{Air pollution: A public health approach for Portugal}},
    year = {2018},
    journal = {Science of The Total Environment},
    author = {Torres, Pedro and Ferreira, Joana and Monteiro, Alexandra and Costa, Solange and Pereira, Maria Carmo and Madureira, Joana and Mendes, Ana and Teixeira, João Paulo},
    month = {12},
    pages = {1041--1053},
    volume = {643},
    publisher = {Elsevier},
    url = {https://www.sciencedirect.com/science/article/pii/S004896971832357X?via%3Dihub},
    doi = {10.1016/J.SCITOTENV.2018.06.281},
    issn = {0048-9697}
}

@article{Marrana2018,
    title = {{Cycling Policies and Strategies: The Case of Lisbon}},
    year = {2018},
    journal = {International Journal of Research in Chemical, Metallurgical and Civil Engineering},
    author = {Marrana, Joao and Serdoura, Francisco},
    number = {1},
    volume = {4},
    url = {http://iieng.org/images/proceedings_pdf/11_T_new_format_online.pdf},
    isbn = {9788193417423},
    doi = {10.15242/IJRCMCE.U0917311},
    issn = {23491442}
}

@techreport{Twadell2018,
    title = {{Guidebook for Measuring Multimodal Network Connectivity}},
    year = {2018},
    author = {Twadell, Hannah and Rose, Elliot and Broach, Joseph and Dill, Jennifer and Clifton, Kelly and Lust, Claire and Voros, Kimberly and Louch, Hugh and David, Erin},
    number = {February},
    pages = {76},
    url = {https://www.fhwa.dot.gov/environment/bicycle_pedestrian/publications/multimodal_connectivity/},
    institution = {Federal Highway Administration},
    address = {Portland}
}

@article{Lowry2017,
    title = {{Quantifying bicycle network connectivity}},
    year = {2017},
    journal = {Preventive Medicine},
    author = {Lowry, Michael and Hadden, Tracy},
    pages = {S134-S140},
    volume = {95},
    publisher = {Elsevier Inc.},
    url = {http://dx.doi.org/10.1016/j.ypmed.2016.12.007},
    doi = {10.1016/j.ypmed.2016.12.007},
    issn = {0091-7435},
    keywords = {Accessibility, Active transportation, Bicycling, Built environment, Infrastructure, Neighborhood}
}

@book{Bopp2018,
    title = {{Bicycling for Transportation - An Evidence-Base for Communities}},
    year = {2018},
    author = {Bopp, Melissa and Sims, Dangaia and Piatkowski, Daniel P.},
    edition = {First},
    publisher = {Elsevier},
    isbn = {9780128126424}
}

@misc{EuropeanDataPortal2018,
    title = {{Benefits of Open Data}},
    year = {2018},
    booktitle = {Using Data},
    author = {{European Data Portal}},
    url = {https://www.europeandataportal.eu/en/using-data/benefits-of-open-data}
}

@article{Vandenbulcke2011,
    title = {{Cycle commuting in Belgium: Spatial determinants and 're-cycling' strategies}},
    year = {2011},
    journal = {Transportation Research Part A: Policy and Practice},
    author = {Vandenbulcke, Grégory and Dujardin, Claire and Thomas, Isabelle and Geus, Bas de and Degraeuwe, Bart and Meeusen, Romain and Panis, Luc Int},
    number = {2},
    pages = {118--137},
    volume = {45},
    isbn = {0965-8564},
    doi = {10.1016/j.tra.2010.11.004},
    issn = {09658564},
    keywords = {Commuting, Cycling, Pro-cycling strategies, Spatial lag model, Spatial regime}
}

@article{Jestico2016a,
    title = {{Mapping ridership using crowdsourced cycling data}},
    year = {2016},
    journal = {Journal of Transport Geography},
    author = {Jestico, Ben and Nelson, Trisalyn and Winters, Meghan},
    pages = {90--97},
    volume = {52},
    publisher = {The Authors},
    url = {http://dx.doi.org/10.1016/j.jtrangeo.2016.03.006},
    isbn = {0966-6923},
    doi = {10.1016/j.jtrangeo.2016.03.006},
    issn = {09666923},
    keywords = {App, Crowdsource, Cycling, Fitness, GIS, Maps}
}

@misc{PeopleforBikes2014,
    title = {{Methodology}},
    year = {2014},
    booktitle = {Bicycle Networkk Analysis},
    author = {{PeopleForBikes}},
    url = {https://bna.peopleforbikes.org/#/methodology}
}

@book{Carley2017,
    title = {{Managing Sustainable Development}},
    year = {2017},
    author = {Carley, Michael and Christie, Ian and Christie, Ian},
    month = {9},
    publisher = {Routledge},
    url = {https://www.taylorfrancis.com/books/9781315091525},
    isbn = {9781315091525},
    doi = {10.4324/9781315091525}
}

@article{Banister2011,
    title = {{Cities, mobility and climate change}},
    year = {2011},
    journal = {Journal of Transport Geography},
    author = {Banister, David},
    number = {6},
    pages = {1538--1546},
    volume = {19},
    publisher = {Elsevier Ltd},
    url = {http://dx.doi.org/10.1016/j.jtrangeo.2011.03.009},
    isbn = {0966-6923},
    doi = {10.1016/j.jtrangeo.2011.03.009},
    issn = {09666923},
    keywords = {Cities, Climate change, Development, Transport}
}

@article{Sorton1994,
    title = {{Bicycle Stress Level as a Tool To Evaluate Urban and Suburban Bicycle Compatibility}},
    year = {1994},
    journal = {Transportation Research Record},
    author = {Sorton, Alex and Walsh, Thomas},
    number = {1438},
    pages = {17--24},
    volume = {3},
    publisher = {Transportation Research Board},
    isbn = {0309055199},
    keywords = {Aged drivers, Bicycle facilities, Bicycles, Bicycling, Pedestrian areas, Pedestrian safety, Pedestrians, Traffic safety}
}

@article{Lowry2016,
    title = {{Prioritizing new bicycle facilities to improve low-stress network connectivity}},
    year = {2016},
    journal = {Transportation Research Part A: Policy and Practice},
    author = {Lowry, Michael B. and Furth, Peter and Hadden-Loh, Tracy},
    pages = {124--140},
    volume = {86},
    publisher = {Elsevier Ltd},
    url = {http://dx.doi.org/10.1016/j.tra.2016.02.003},
    isbn = {0965-8564},
    doi = {10.1016/j.tra.2016.02.003},
    issn = {09658564},
    keywords = {Accessibility planning, Bicycle, Centrality, Constrained shortest path, Marginal rate of substitution}
}

@misc{CamaraMunicipaldeLisboa2016,
    title = {{Mobilidade sustentavel e prioridade da cidade}},
    year = {2016},
    booktitle = {Mobilidade},
    author = {{Camara Municipal de Lisboa}},
    url = {http://www.cm-lisboa.pt/noticias/detalhe/article/mobilidade-sustentavel-e-prioridade-da-cidade}
}

@techreport{Kosha2016,
    title = {{The Role of Walking and Cycling in Reducing Congestion: A Portfolio of Measures}},
    year = {2016},
    author = {Kosha, Thorsten and Rudolph, Frederic},
    url = {http://h2020-flow.eu/uploads/tx_news/FLOW_REPORT_-_Portfolio_of_Measures_v_06_web.pdf},
    institution = {FLOW Project},
    address = {Brussels}
}

@techreport{Mekuria2012b,
    title = {{Low-Stress Bicycling and Network Connectivity Low-Stress Bicycling and Network Connectivity}},
    year = {2012},
    booktitle = {Book 4},
    author = {Mekuria, Maaza C and Furth, Peter G and Nixon, Hilary},
    pages = {68},
    institution = {Mineta Transportation Institute},
    address = {San Jose, CA}
}

@article{Furth2016,
    title = {{Network Connectivity for Low-Stress Bicycling}},
    year = {2016},
    journal = {Transportation Research Record: Journal of the Transportation Research Board},
    author = {Furth, Peter G. and Mekuria, Maaza C. and Nixon, Hilary},
    number = {2587},
    pages = {41--49},
    volume = {2587},
    url = {http://trrjournalonline.trb.org/doi/10.3141/2587-06},
    doi = {10.3141/2587-06},
    issn = {0361-1981}
}

@techreport{Geller2006,
    title = {{Four types of cyclists}},
    year = {2006},
    author = {Geller, Roger},
    pages = {1--9},
    url = {https://www.portlandoregon.gov/transportation/article/264746},
    institution = {Portland Office of Transportation},
    address = {Portland}
}

@article{Heinen2010,
    title = {{Commuting by bicycle: An overview of the literature}},
    year = {2010},
    journal = {Transport Reviews},
    author = {Heinen, Eva and van Wee, Bert and Maat, Kees},
    number = {1},
    pages = {59--96},
    volume = {30},
    isbn = {0144-1647 {\%}[ June 10, 2010},
    doi = {10.1080/01441640903187001},
    issn = {01441647},
    pmid = {1147910}
}

@article{DeManuelJerez2016,
    title = {{Las redes de Movilidad Urbana Sostenible y la reactivaci{\'{o}}n del Espacio P{\'{u}}blico: Alcosa}},
    year = {2016},
    journal = {Habitat y Sociedad},
    author = {de Manuel Jerez, Esteban and Gonzalez Arriero, Conso and Donadei, Marta},
    number = {9},
    pages = {97--131},
    volume = {noviembre},
    doi = {http://dx.doi.org/10.12795/HabitatySociedad.2016.i9.06},
    keywords = {Bus Rapid Transit, Neighborhoods, Participation, Public Space, Sevilla, Transition Towns, sustainable mobility}
}

@phdthesis{Mantas2015,
    title = {{(I)mobilidades em Espa{\c{c}}o Urbano: Representa{\c{c}}ões e Pr{\'{a}}ticas em torno da Desloca{\c{c}}{\~{a}}o Pedonal e Velocip{\'{e}}dica em Portugal}},
    year = {2015},
    author = {Mantas, Ana Isabel Jorge Soares},
    number = {I},
    url = {https://estudogeral.sib.uc.pt/jspui/bitstream/10316/28416/1/Deslocação Pedonal e Velocipédica em Portuga.pdf},
    school = {Universidade de Coimbra}
}

@inproceedings{OD4OC,
    title = {{Bike Network Analysis Lisbon}},
    year = {2018},
    booktitle = {OpenData4OpenCities},
    author = {Abad, Lorena and Van der Meer, Lucas},
    editor = {Benitez, Fernando and Akande, Adeoluwa},
    pages = {36},
    publisher = {OpenData4OpenCities-GitHub},
    url = {https://github.com/GeoTecINIT/OpenData4OpenCities/blob/master/Presentations/AGILE_2018_Presentation_Abad-vdMeer.pdf},
    address = {Lund, Sweden}
}

@misc{CamaraMunicipaldeLisboa,
    title = {{Mobilidade Ciclavel}},
    author = {{Camara Municipal de Lisboa}},
    url = {http://www.cm-lisboa.pt/viver/mobilidade/mobilidade-ciclavel}
}

@article{Fraser2011,
    title = {{Cycling for transport and public health: A systematic review of the effect of the environment on cycling}},
    year = {2011},
    journal = {European Journal of Public Health},
    author = {Fraser, Simon D.S. and Lock, Karen},
    number = {6},
    pages = {738--743},
    volume = {21},
    isbn = {1464-360X (Electronic){\textbackslash}r1101-1262 (Linking)},
    doi = {10.1093/eurpub/ckq145},
    issn = {11011262},
    pmid = {20929903},
    keywords = {cycling, environment, physical activity, policy, transport}
}

@article{Birch2007,
    title = {{Rectangular and hexagonal grids used for observation, experiment and simulation in ecology}},
    year = {2007},
    journal = {Ecological Modelling},
    author = {Birch, Colin P D and Oom, Sander P. and Beecham, Jonathan A.},
    number = {3-4},
    pages = {347--359},
    volume = {206},
    isbn = {0304-3800},
    doi = {10.1016/j.ecolmodel.2007.03.041},
    pmid = {320}
}

@misc{Baratto2016,
    title = {{Lisboa planeja ampliar sua rede de ciclovias devido ao aumento de ciclistas}},
    year = {2016},
    booktitle = {ArchDaily},
    author = {Baratto, Romullo},
    month = {8},
    url = {https://www.archdaily.com.br/br/792640/lisboa-planeja-ampliar-sua-rede-de-ciclovias-devido-ao-aumento-de-ciclistas}
}

@article{Pucher2017,
    title = {{Cycling towards a more sustainable transport future}},
    year = {2017},
    journal = {Transport Reviews},
    author = {Pucher, John and Buehler, Ralph},
    number = {6},
    month = {11},
    pages = {689--694},
    volume = {37},
    publisher = {Routledge},
    url = {https://www.tandfonline.com/doi/full/10.1080/01441647.2017.1340234},
    doi = {10.1080/01441647.2017.1340234},
    issn = {0144-1647}
}

@misc{Susete2016,
    title = {{Lisboa vai ter 200 km para pedalar e quer ir de Oeiras a Vila Franca}},
    year = {2016},
    booktitle = {Di{\'{a}}rio de Noticias},
    author = {Susete, Francisco},
    url = {https://www.dn.pt/sociedade/interior/lisboa-vai-ter-200-km-para-pedalar-e-quer-ir-de-oeiras-a-vila-franca-5400639.html},
    address = {Lisboa}
}

@misc{Andre2018,
    title = {{O plano semi-escondido da Camara para tornar Lisboa ciclavel ate 2020}},
    year = {2018},
    booktitle = {Shifter},
    author = {Andr{\'{e}}, Mario Rui},
    month = {1},
    url = {https://shifter.pt/2018/01/rede-ciclavel-lisboa/},
    address = {Lisboa}
}

@article{Manum2013,
    title = {{Integrating Bicycle Network Analysis in Urban Design: Improving bikeability in Trondheim by combining space syntax and GIS-methods using the place syntax tool}},
    year = {2013},
    journal = {International Space Syntax Symposium},
    author = {Manum, Bendik and Nordstr{\"{o}}m, Tobias},
    pages = {14},
    url = {https://brozed.files.wordpress.com/2009/07/manum-nordstrc3b6m-space-syntax-symposium-2013.pdf},
    isbn = {9788986177213},
    keywords = {2013, bicycle routes, bikeability, developments, green urbanism and sustainable, international space syntax symposium, place syntax tool, proceedings of the ninth, seoul, space syntax, street network, theme}
}

@article{DeHartog2010,
    title = {{Do the health benefits of cycling outweigh the risks?}},
    year = {2010},
    journal = {Environmental Health Perspectives},
    author = {Hartog, Jeroen Johan de and Boogaard, Hanna and Nijland, Hans and Hoek, Gerard and de Hartog, Jeroen Johan and Boogaard, Hanna and Nijland, Hans and Hoek, Gerard},
    number = {8},
    pages = {1109--1116},
    volume = {118},
    isbn = {1678-4561 (Electronic){\$}{\textbackslash}{\$}r1413-8123 (Linking)},
    doi = {10.1289/ehp.0901747},
    issn = {00916765},
    pmid = {20587380},
    keywords = {Air pollution, Biking, Cycling, Life table analysis, Modal shift, Physical activity, Traffic accidents}
}

@article{Broach2012,
    title = {{Where do cyclists ride? A route choice model developed with revealed preference GPS data}},
    year = {2012},
    journal = {Transportation Research Part A: Policy and Practice},
    author = {Broach, Joseph and Dill, Jennifer and Gliebe, John},
    number = {10},
    pages = {1730--1740},
    volume = {46},
    publisher = {Elsevier Ltd},
    url = {http://dx.doi.org/10.1016/j.tra.2012.07.005},
    isbn = {0965-8564},
    doi = {10.1016/j.tra.2012.07.005},
    issn = {09658564},
    pmid = {83570977},
    keywords = {Bicycle infrastructure, Bicycle lanes, Bicycling, Revealed preference, Route choice}
}

@techreport{opendatahandbook,
    title = {{The Open Data Handbook}},
    year = {2018},
    author = {Dietrich, Daniel and Gray, Jonathan and McNamara, Tim and Poikola, Antti and Pollock, Rufus and Tait, Julian and Zijlstra, Ton},
    editor = {{Open Knowledge Foundation}},
    url = {http://opendatahandbook.org/},
    institution = {Open Knowledge Foundation},
    keywords = {data, open}
}

@techreport{Boldry2017,
    title = {{Defining Connected Bike Networks}},
    year = {2017},
    author = {Boldry, Jennifer and Anderson, Michael and Roskowski, Martha},
    number = {May},
    institution = {Pedestrian and Bicycle Information Center},
    address = {Chapel Hill}
}